@article{gertler2014attracting,
	title={Attracting and retaining talent: Evidence from Canada’s city-regions},
	author={Gertler, Meric S and Geddie, Kate and Hatch, Carolyn and Rekers, Josephine},
	journal={Seeking talent for creative cities: The social dynamics of innovation},
	pages={3--30},
	year={2014},
	publisher={University of Toronto Press Toronto}
}
@article{宋鸿2010城市人才吸引力的影响因素及提升对策,
	title={城市人才吸引力的影响因素及提升对策},
	author={宋鸿,张培利},
	journal={湖北社會科學},
	volume={2010},
	number={2},
	pages={43--45},
	year={2010},
	publisher={湖北社會科學編輯部}
}
@article{张瑞红2012河南省产业集群环境人才吸引力评价研究,
	title={河南省产业集群环境人才吸引力评价研究},
	author={张瑞红},
	journal={科技管理研究},
	volume={32},
	number={10},
	pages={180--184},
	year={2012}
}
@article{lepawsky2010metropolis,
	title={Metropolis on the margins: talent attraction and retention to the St. John's city-region},
	author={Lepawsky, Josh and Phan, Chrystal and Greenwood, Rob},
	journal={The Canadian Geographer/Le G{\'e}ographe canadien},
	volume={54},
	number={3},
	pages={324--346},
	year={2010},
	publisher={Wiley Online Library}
}
@misc{中国宏观经济数据库,
	author = "EPS数据平台",
	title = {http://olap.epsnet.com.cn/auth/platform.html},
	howpublished = "Website",
	urldate = {2019-06-20},
	note = {中国宏观经济数据库}
}
@misc{武汉统计局,
	author = "武汉统计局",
	title = {http://tjj.wuhan.gov.cn/newslist.aspx?id=2018061817071264},
	howpublished = "Website",
	urldate = {2018-06-18},
	note = {武汉市国民经济和社会发展统计公报}
}